@misc{bernstein-polynomials,
    author = "P.P. Korovkin",
    title = "Bernstein {P}olynomials",
    publisher = "{E}ncyclopedia of {M}athematics",
    year = "2011",
    url = "https://encyclopediaofmath.org/wiki/Bernstein_polynomials"
}


@inbook{wyss-gallifent21,
    author = "Justin Wyss-Gallifent",
    title = "Bézier {C}urves",
    publisher = "{U}niversity of {M}aryland",
    year = "2021",
    url = "https://www.math.umd.edu/~immortal/MATH431/book/ch_bezier.pdf"
}


@misc{shene11,
    author = "Ching-Kuang Shene",
    title = "Bézier {C}urves",
    publisher = "{M}ichigan {T}echnological {U}niversity",
    year = "2010",
    chapter = "5",
    url = "https://pages.mtu.edu/~shene/COURSES/cs3621/NOTES/"
}


@article{hanik-yazdani-tycoqicz24,
    author = "Martin Hanik, Esfandiar Nava-Yazdani, Christoph von Tycowicz",
    title = "De {C}asteljau’s {A}lgorithm in {G}eometric {D}ata {A}nalysis: {T}heory and {A}pplication",
    journal = "arXiv",
    year = "2024",
    url = "https://arxiv.org/pdf/2402.07550"
}


@inbook{pat-mae-cho09,
    author = "Nicholas Patrikalakis, Takashi Maekawa, Wonjoon Cho",
    title = "Shape Interrogation for Computer Aided Design and Manufacturing",
    publisher = "{M}assachusetts {I}nstitute of {T}echnology",
    year = "2009",
    chapter = "1.3.5",
    url = "https://web.mit.edu/hyperbook/Patrikalakis-Maekawa-Cho/node13.html"
}

@article{rabut02,
    author = "Christophe Rabut",
    title = "On {P}ierre {B}ézier's life and motivations",
    journal = "Computer-Aided Design",
    year = "2002"
}

@misc{berlasso17,
    author = "Ricardo Berlasso",
    title = "How the {O}pen{T}ype {F}ont {S}ystem {W}orks",
    year = "2017",
    url = "https://opensource.com/article/17/11/opentype"
}

@article{elhoseny-shehab-yuan17,
    author = "Mohamed Elhoseny, Abdulaziz Shehab, Xiaohui Yuan",
    title = "Optimizing robot path in dynamic environments using {G}enetic {A}lgorithm and {B}ezier {C}urve",
    journal = "Journal of {I}ntelligent & {F}uzzy {S}ystems",
    year = "2017",
    url = "https://content.iospress.com/articles/journal-of-intelligent-and-fuzzy-systems/ifs17348"
}

@article{abbas-maqsood-hu-ramli-miura20,
    author = "Muhammad Abbas, Gang Hu, Sidra Maqsood, Kenjiro T. Miura",
    title = "A {N}ovel {G}eneralization of {T}rigonometric {B}ézier {C}urve and {S}urface with {S}hape {P}arameters and {I}ts {A}pplications",
    journal = "Mathematical {P}roblems in {E}ngineering",
    year = "2020",
    url = "https://www.hindawi.com/journals/mpe/2020/4036434/#introduction"
}

@article{cpso19,
    author = "Alaa Tharwat, Mohamed Elhoseny, Aboul Ella Hassanien, Thomas Gabel, Arun Kumar",
    title = "Intelligent {B}ézier curve-based path planning model using {C}haotic {P}article {S}warm {O}ptimization algorithm",
    journal = "Cluster Computing",
    year = "2019",
    url = "https://link.springer.com/article/10.1007/s10586-018-2360-3"
}

@article{gt-bez22,
    author = "Muhammad Ammad, Md Yushalify Misro, Ahmad Ramli",
    title = "A novel generalized trigonometric {B}ézier curve: {P}roperties, continuity conditions and applications to the curve modeling",
    journal = "Mathematics and Comuters in Simulation",
    year = "2022",
    url = "https://www.sciencedirect.com/science/article/pii/S0378475421004456"
}